<?xml version="1.0" encoding="UTF-8"?><collection xmlns="http://www.loc.gov/MARC21/slim"><record><leader>00418nam--2200133-i-4500</leader><controlfield tag="001">000035217</controlfield><controlfield tag="002">20161230</controlfield><controlfield tag="005">20161230201040</controlfield><controlfield tag="008">060222s1000------------r-----000-0-eng-d</controlfield><datafield ind1=" " ind2=" " tag="080"><subfield code="a">548.7(043)</subfield></datafield><datafield ind1=" " ind2=" " tag="100"><subfield code="a">Pavel, Eugen</subfield></datafield><datafield ind1=" " ind2=" " tag="245"><subfield code="a">Studiul impuritatilor metalice din cristalele de diament sintetic realizate prin metoda presiunilor inalte. teza</subfield></datafield><datafield ind1=" " ind2=" " tag="260"><subfield code="a">Bucuresti, Inst.De Fizica Atomica, 1992, 133p</subfield></datafield><datafield ind1=" " ind2=" " tag="852"><subfield code="a">79900</subfield></datafield></record></collection>